@INPROCEEDINGS{Hudak02arrows,
    author = {Paul Hudak and Antony Courtney and Henrik Nilsson and John Peterson},
    title = {Arrows, Robots, and Functional Reactive Programming},
    booktitle = {Advanced Functional Programming, 4th International School, volume 2638 of LNCS},
    year = {2002},
    pages = {159--187},
    publisher = {Springer-Verlag}
}
@INPROCEEDINGS{Cowley11stream-orientedrobotics,
    author = {Anthony Cowley and Camillo J. Taylor},
    title = {Stream-oriented robotics programming: The design of roshask},
    booktitle = {in IEEE/RSJ International Conference on Intelligent Robots and Systems (IROS)},
    year = {2011},
    pages = {1048--1054}
}
@INPROCEEDINGS{Peterson99alanguage,
    author = {John Peterson and Gregory D. Hager and Paul Hudak},
    title = {A Language for Declarative Robotic Programming},
    booktitle = {In International Conference on Robotics and Automation},
    year = {1999},
    pages = {1144--1151}
}
@MISC{Peterson99lambdain,
    author = {John Peterson and Paul Hudak and Conal Elliott},
    title = {Lambda in Motion: Controlling Robots with Haskell},
    year = {1999}
}
@INPROCEEDINGS{Halbwachs91thesynchronous,
    author = {N. Halbwachs and P. Caspi and P. Raymond and D. Pilaud},
    title = {The synchronous dataflow programming language LUSTRE},
    booktitle = {Proceedings of the IEEE},
    year = {1991},
    pages = {1305--1320}
}
@INPROCEEDINGS{Wan02event-drivenfrp,
    author = {Zhanyong Wan and Walid Taha and Paul Hudak},
    title = {Event-Driven FRP},
    booktitle = {In PADL: Practical Aspects of Declarative Languages, LNCS 2257},
    year = {2002},
    pages = {155--172},
    publisher = {Springer}
}
@INPROCEEDINGS{Wan01real-timefrp,
    author = {Zhanyong Wan and Walid Taha and Paul Hudak},
    title = {Real-Time FRP},
    booktitle = {IN THE INTERNATIONAL CONFERENCE ON FUNCTIONAL PROGRAMMING (ICFP â€™01},
    year = {2001},
    pages = {146--156},
    publisher = {ACM}
}
@MISC{Elliott98functionalimplementations,
    author = {Conal Elliott},
    title = {Functional Implementations of Continuous Modeled Animation (Expanded Version)},
    year = {1998}
}
@inproceedings{DBLP:conf/ifipPACT/RondogiannisW94,
  author    = {Panos Rondogiannis and
               William W. Wadge},
  title     = {Compiling Higher-Order Functions for Tagged-Dataflow},
  booktitle = {Parallel Architectures and Compilation Techniques, Proceedings of
               the {IFIP} {WG10.3} Working Conference on Parallel Architectures and
               Compilation Techniques, PACT'94, Montr{\'{e}}al, Canada, 24-26
               August, 1994},
  pages     = {269--278},
  year      = {1994},
  url       = {http://dl.acm.org/citation.cfm?id=713823},
  timestamp = {Thu, 25 Sep 2014 17:21:57 +0200},
  biburl    = {http://dblp.uni-trier.de/rec/bib/conf/ifipPACT/RondogiannisW94},
  bibsource = {dblp computer science bibliography, http://dblp.org}
}