@inproceedings{tyde,
  title={Formal investigation of the Extended UTxO model},
	author={Melkonian et al.},
  booktitle={Workshop on Type-Driven Development (TyDe @ ICFP)},
  year=2019
  @Comment note={Available at \url{https://omelkonian.github.io/data/publications/formal-utxo.pdf}}
}
@article{src,
  title={Formalizing BitML Calculus in Agda},
  author={Melkonian, Orestis},
  booktitle={Student Research Competition (SRC @ ICFP)},
  year=2019
  @Comment note={Available at \url{https://omelkonian.github.io/data/publications/formal-bitml.pdf}}
}
@inproceedings{wtsc,
  title={The {Extended UTXO} Model},
  @Comment author={Manuel M.T. Chakravarty and James Chapman and Kenneth MacKenzie and Orestis Melkonian and Michael {Peyton Jones} and Philip Wadler},
	author={Melkonian et al.},
  booktitle={Workshop on Trusted Smart Contracts (WTSC @ FC)},
  year=2020
  @Comment note={Available at \url{https://omelkonian.github.io/data/publications/eutxo.pdf}}
}
@inproceedings{isola,
  title={Native Custom Tokens in the {Extended UTXO} Model},
  @Comment author={Chakravarty, Manuel MT and Chapman, James and MacKenzie, Kenneth and Melkonian, Orestis and M{\"u}ller, Jann and Jones, Michael Peyton and Vinogradova, Polina and Wadler, Philip},
  author={Melkonian et al.},
  booktitle={International Symposium on Leveraging Applications of Formal Methods (ISoLA)},
  year=2020
  @Comment note={Available at \url{http://jmchapman.io/papers/native.pdf}}
}
